@article{Course,
    key = 1,
    author = {Ștefan Ciobâcă},
    title = {Boyer-Moore algorithm}
}

@book{Manual,
    key = 2,
    author = {Swamy, Nikhil and Martinez, Guido and Rastogi, Aseem},
    title = {Proof-Oriented Programming in F*}
}

@misc{Library1,
    key = 3,
    title = {https://fstarlang.github.io/docs/FStar.Classical.fsti.html}
}

@misc{Library2,
    key = 4,
    title = {https://github.com/FStarLang/FStar/blob/master/ulib/FStar.List.Tot.Base.fst}
}